%% This BibTeX bibliography file was created using BibDesk.
%% http://bibdesk.sourceforge.net/

%% Created for Cesar B. Rocha at 2016-01-22 18:01:45 -0800
@article{dasaro1995,
    title={Upper-ocean inertial currents forced by a strong storm. Part I: Data and comparisons with linear theory},
    author={D'Asaro, Eric A and Eriksen, Charles C and Levine, Murray D and Paulson, Clayton A and Niiler, Peter and Van Meurs, Pim},
    journal={Journal of physical oceanography},
    volume={25},
    number={11},
    pages={2909--2936},
    year={1995}
}

@article{shakespeare_hogg2017,
  title={Spontaneous surface generation and interior amplification of internal waves in a regional-scale ocean model},
  author={Shakespeare, Callum J and Hogg, Andrew McC},
  journal={Journal of Physical Oceanography},
  number={2017},
  year={2017}
}

@book{landau_lifshitz2013,
  title={Quantum mechanics: non-relativistic theory},
  author={Landau, Lev Davidovich and Lifshitz, Evgenii Mikhailovich},
  volume={3},
  year={2013},
  publisher={Elsevier}
}

@article{buhler_mcintyre1998,
  title={On non-dissipative wave--mean interactions in the atmosphere or oceans},
  author={B{\"u}hler, Oliver and McIntyre, Michael E},
  journal={Journal of Fluid Mechanics},
  volume={354},
  pages={301--343},
  year={1998},
  publisher={Cambridge Univ Press}
}

@article{fornberg1977,
  title={{A numerical study of 2-D turbulence}},
  author={Fornberg, Bengt},
  journal={Journal of Computational Physics},
  volume={25},
  number={1},
  pages={1--31},
  year={1977},
  publisher={Elsevier}
}

@article{meleshko_vanheijst1994,
  title={On Chaplygin's investigations of two-dimensional vortex structures in an inviscid fluid},
  author={Meleshko, VV and Van Heijst, GJF},
  journal={Journal of Fluid Mechanics},
  volume={272},
  pages={157--182},
  year={1994},
  publisher={Cambridge University Press}
}

@article{danioux_etal2015,
  title={On the concentration of near-inertial waves in anticyclones},
  author={Danioux, Eric and Vanneste, Jacques and B{\"u}hler, Oliver},
  journal={Journal of Fluid Mechanics},
  volume={773},
  pages={R2},
  year={2015},
  publisher={Cambridge Univ Press}
}

@article{spalart_etal1991,
       title={Spectral methods for the Navier-Stokes equations with one infinite and two periodic directions},
         author={Spalart, Philippe R and Moser, Robert D and Rogers, Michael M},
           journal={Journal of Computational Physics},
             volume={96},
               number={2},
                 pages={297--324},
                   year={1991},
                     publisher={Elsevier}
 }

@article{kunze1985,
      title={Near-inertial wave propagation in geostrophic shear},
        author={Kunze, Eric},
          journal={Journal of Physical Oceanography},
            volume={15},
              number={5},
                pages={544--565},
                  year={1985}
}
 @article{cox_matthews2002,
         title={Exponential time differencing for stiff systems},
             author={Cox, Steven M and Matthews, Paul C},
                 journal={Journal of Computational Physics},
                     volume={176},
                         number={2},
                             pages={430--455},
                                 year={2002},
                                     publisher={Elsevier}
           }

@article{taylor_straub2016,
  title={{Forced Near-Inertial Motion and Dissipation of Low-Frequency Kinetic Energy in a Wind-Driven Channel Flow}},
  author={Taylor, Stephanne and Straub, David},
  journal={Journal of Physical Oceanography},
  volume={46},
  number={1},
  pages={79--93},
  year={2016}
}

@article{barkan_etal2016,
  title={Stimulated Imbalance and the Enhancement of Eddy Kinetic Energy Dissipation by Internal Waves},
  author={Barkan, Roy and Winters, Kraig B and McWilliams, James C},
  journal={Journal of Physical Oceanography},
  number={2016},
  year={2016}
}


 @article{kassam_trefethen2005,
         title={Fourth-order time-stepping for stiff PDEs},
             author={Kassam, Aly-Khan and Trefethen, Lloyd N},
                 journal={SIAM Journal on Scientific Computing},
                     volume={26},
                         number={4},
                             pages={1214--1233},
                                 year={2005},
                                     publisher={SIAM}
           }

           @article{lapeyre_klein2006,
            title={Dynamics of the upper oceanic layers in terms of surface quasigeostrophy theory},
            author={Lapeyre, GUILLAUME and Klein, PATRICE},
            journal={Journal of physical oceanography},
            volume={36},
            number={2},
            pages={165--176},
            year={2006}
           }
           %% Saved with string encoding Unicode (UTF-8)
           @article{blumen1978,
            title={Uniform potential vorticity flow: P art II},
            author={Blumen, W},
            journal={A model of wave interactions, J. A tmos. Sci},
            volume={35},
            year={1978},
            pages={784--789}
           }

           @misc{charney_flierl1981,
            title={Oceanic analogues of large-scale atmospheric motions},
            author={Charney, Jule G and Flierl, Glenn R},
            journal={Evolution of Physical Oceanography},
            pages={504--548},
            year={1981},
            publisher={MIT press Cambridge, Mass}
           }

           @article{charney1971,
            Author = {Charney, Jule G},
            Date-Added = {2016-01-23 02:01:29 +0000},
            Date-Modified = {2016-01-23 02:01:41 +0000},
            Journal = {Journal of the Atmospheric Sciences},
            Number = {6},
            Pages = {1087--1095},
            Title = {Geostrophic turbulence},
            Volume = {28},
            Year = {1971}}

           @article{mcwilliams1984,
                title={The emergence of isolated coherent vortices in turbulent flow},
                  author={McWilliams, James C},
                    journal={Journal of Fluid Mechanics},
                      volume={146},
                        pages={21--43},
                          year={1984},
                            publisher={Cambridge Univ Press}
           }


           @inproceedings{mcwilliams2016,
            title={Submesoscale currents in the ocean},
            author={McWilliams, James C},
            booktitle={Proc. R. Soc. A},
            volume={472},
            number={2189},
            pages={20160117},
            year={2016},
            organization={The Royal Society}
           }



           @article{bracco_etal2000,
            title={Revisiting freely decaying two-dimensional turbulence at millennial resolution},
            author={Bracco, A and McWilliams, JC and Murante, G and Provenzale, A and Weiss, JB},
            journal={Physics of Fluids (1994-present)},
            volume={12},
            number={11},
            pages={2931--2941},
            year={2000},
            publisher={AIP Publishing}
           }

           @book{wunsch2015,
            title={Modern Observational Physical Oceanography: Understanding the Global Ocean},
            author={Wunsch, Carl},
            year={2015},
            publisher={Princeton University Press}
           }

           @article{mahadevan2016,
            Author = {Mahadevan, Amala},
            Date-Added = {2016-01-14 20:22:30 +0000},
            Date-Modified = {2016-01-14 20:23:06 +0000},
            Journal = {Annual Review of Marine Science},
            Number = {1},
            Publisher = {Annual Reviews 4139 El Camino Way, PO Box 10139, Palo Alto, California 94303-0139, USA},
            Title = {Impact of Submesoscale Physics on Primary Productivity of Plankton},
            Volume = {8},
            Year = {2016}}

           @article{blumen1978,
            Author = {Blumen, William},
            Journal = {Journal of the Atmospheric Sciences},
            Title = {Uniform Potential Vorticity Flow: Part I. Theory of Wave Interactions and Two-Dimensional Turbulence},
            Volume = {35},
            Year = {1978}}

           @article{haynes_shuckburgh2000,
            Author = {Haynes, Peter and Shuckburgh, Emily},
            Date-Added = {2016-01-13 01:42:38 +0000},
            Date-Modified = {2016-01-13 01:42:56 +0000},
            Journal = {Journal of Geophysical Research: Atmospheres (1984--2012)},
            Number = {D18},
            Pages = {22777--22794},
            Publisher = {Wiley Online Library},
            Title = {Effective diffusivity as a diagnostic of atmospheric transport: 1. Stratosphere},
            Volume = {105},
            Year = {2000}}

           @article{fenoglio_etal2015,
            Author = {Fenoglio-Marc, L and Dinardo, S and Scharroo, R and Roland, A and Sikiric, M Dutour and Lucas, B and Becker, M and Benveniste, J and Weiss, R},
            Date-Added = {2016-01-13 01:39:00 +0000},
            Date-Modified = {2016-01-13 01:39:21 +0000},
            Journal = {Advances in Space Research},
            Number = {11},
            Pages = {2641--2656},
            Publisher = {Elsevier},
            Title = {The German Bight: A validation of CryoSat-2 altimeter data in SAR mode},
            Volume = {55},
            Year = {2015}}

           @article{raney_etal2012,
            Author = {Raney, R Keith},
            Date-Added = {2016-01-13 01:37:50 +0000},
            Date-Modified = {2016-01-13 01:38:08 +0000},
            Journal = {Geoscience and Remote Sensing Letters, IEEE},
            Number = {3},
            Pages = {393--397},
            Publisher = {IEEE},
            Title = {Cryosat SAR-mode looks revisited},
            Volume = {9},
            Year = {2012}}

           @article{levy_etal2012,
            Author = {L{\'e}vy, Marina and Ferrari, Raffaele and Franks, Peter JS and Martin, Adrian P and Rivi{\`e}re, Pascal},
            Date-Added = {2016-01-11 20:48:19 +0000},
            Date-Modified = {2016-01-11 20:48:38 +0000},
            Journal = {Geophysical Research Letters},
            Number = {14},
            Publisher = {Wiley Online Library},
            Title = {Bringing physics to life at the submesoscale},
            Volume = {39},
            Year = {2012}}

            @article{rocha_etal2016c,
              Author = {Rocha, C. B. and  S. T. Gille and T. K. Chereskin and D. Menemenlis},
              Journal = {Geophysical Research Letters},
              Number = {},
              Publisher = {Wiley Online Library},
              Title = {Seasonality of submesoscale dynamics in the Kuroshio Extension, },
              Volume = {, in revision},
              Year = {}}

           @article{shuckburgh_etal2009,
            Author = {Shuckburgh, Emily and Jones, Helen and Marshall, John and Hill, Chris},
            Date-Added = {2016-01-08 22:36:24 +0000},
            Date-Modified = {2016-01-08 22:36:36 +0000},
            Journal = {Journal of Physical Oceanography},
            Number = {9},
            Pages = {1993--2009},
            Title = {Robustness of an effective diffusivity diagnostic in oceanic flows},
            Volume = {39},
            Year = {2009}}


           @article{xie_vanneste2015,
            title={A generalised-Lagrangian-mean model of the interactions between near-inertial waves and mean flow},
            author={Xie, J-H and Vanneste, Jacques},
            journal={Journal of Fluid Mechanics},
            volume={774},
            pages={143--169},
            year={2015},
            publisher={Cambridge Univ Press}
           }


           @article{wagner_young2015,
            title={Available potential vorticity and wave-averaged quasi-geostrophic flow},
            author={Wagner, GL and Young, WR},
            journal={Journal of Fluid Mechanics},
            volume={785},
            pages={401--424},
            year={2015},
            publisher={Cambridge Univ Press}
           }

           @article{young_benjelloul1997,
            title={Propagation of near-inertial oscillations through a geostrophic flow},
            author={Young, WR and {Ben Jelloul}, Mahdi},
            journal={Journal of marine research},
            volume={55},
            number={4},
            pages={735--766},
            year={1997},
            publisher={Sears Foundation for Marine Research}
           }

           @article{bretherton_karweit1975,
            title={Mid-ocean mesoscale modeling},
            author={Bretherton, FP and Karweit, M},
            journal={Numerical Models of Ocean Circulation},
            pages={237--249},
            year={1975},
            publisher={National Academy of Sciences Washington, DC}
           }

        @article{buhler_mcintyre2005,
          title={Wave capture and wave--vortex duality},
          author={B{\"u}hler, Oliver and {McItyre}, M E},
          journal={Journal of Fluid Mechanics},
          volume={534},
          pages={67--95},
          year={2005},
          publisher={Cambridge Univ Press}
        }

           @article{johnson_bryden1989,
            title={On the size of the Antarctic Circumpolar Current},
            author={Johnson, Gregory C and Bryden, Harry L},
            journal={Deep Sea Research Part A. Oceanographic Research Papers},
            volume={36},
            number={1},
            pages={39--53},
            year={1989},
            publisher={Elsevier}
           }

           @article{vanneste2013,
            title={Balance and spontaneous wave generation in geophysical flows},
            author={Vanneste, Jacques},
            year={2013},
            journal={Annual Reviews of Fluid Mechanics}
           }

           @article{nagai_etal2015,
            title={{Spontaneous generation of near-inertial waves by the Kuroshio Front}},
            author={Nagai, Takeyoshi and Tandon, Amit and Kunze, Eric and Mahadevan, Amala},
            journal={Journal of Physical Oceanography},
            volume={45},
            number={9},
            pages={2381--2406},
            year={2015}
           }

            @article{alford2001,
              title={Internal swell generation: The spatial distribution of energy
                    flux from the wind to mixed layer near-inertial motions},
              author={Alford, Matthew H},
              journal={Journal of Physical Oceanography},
              volume={31},
              number={8},
              pages={2359--2368},
              year={2001}
            }

           @article{alford_etal2016,
            title={Near-inertial internal gravity waves in the ocean},
            author={Alford, Matthew H and MacKinnon, Jennifer A and Simmons, Harper L and Nash, Jonathan D},
            journal={Annual review of marine science},
            volume={8},
            pages={95--123},
            year={2016},
            publisher={Annual Reviews}
           }

           @article{wagner_young2015,
            title={Available potential vorticity and wave-averaged quasi-geostrophic flow},
            author={Wagner, GL and Young, WR},
            journal={Journal of Fluid Mechanics},
            volume={785},
            pages={401--424},
            year={2015},
            publisher={Cambridge Univ Press}
           }

           @article{wagner_young2016,
            title={A three-component model for the coupled evolution of near-inertial waves, quasi-geostrophic flow and the near-inertial second harmonic},
            author={Wagner, GL and Young, WR},
            journal={Journal of Fluid Mechanics},
            volume={802},
            pages={806--837},
            year={2016},
            publisher={Cambridge Univ Press}
           }

           @misc{arbic2015,
            Author = {Arbic, Brian K and Lyard, Florent and Ponte, Aurelien and Ray, Richard D and Richman, James G and Shriver, Jay F and Zaron, Edward D and Zhao, Zhongxiang},
            Date-Added = {2016-01-08 21:58:49 +0000},
            Date-Modified = {2016-01-21 18:16:11 +0000},
            Howpublished = {White paper, SWOT Science Definition Team},
            Title = {Tides and the SWOT mission: Transition from Science Definition Team to Science Team},
            Year = {2015}}

           @article{klein2015,
            Author = {Klein, Patrice and Morrow, Rosemary and Samelson, Roger and Chelton, Dudley and Lapeyre, Guillaume and Fu, Lee and Qiu, Bo and Ubelmann, Clement and Le Traon, Pierre-Yves and Capet, Xavier and others},
            Date-Added = {2016-01-08 21:57:12 +0000},
            Date-Modified = {2016-01-21 18:15:46 +0000},
            Journal = {White paper, SWOT Science Definition Team},
            Title = {Mesoscale/sub-mesoscale dynamics in the upper ocean},
            Year = {2015}}

           @book{vallis2006,
            Author = {Vallis, Geoffrey K},
            Date-Added = {2016-01-07 00:19:32 +0000},
            Date-Modified = {2016-01-07 00:19:44 +0000},
            Publisher = {Cambridge University Press},
            Title = {Atmospheric and oceanic fluid dynamics: fundamentals and large-scale circulation},
            Year = {2006}}

           @article{pierrehumbert_2000,
            Author = {Pierrehumbert, Raymond T},
            Date-Added = {2015-12-13 20:01:50 +0000},
            Date-Modified = {2015-12-13 20:02:09 +0000},
            Journal = {Chaos: An Interdisciplinary Journal of Nonlinear Science},
            Number = {1},
            Pages = {61--74},
            Publisher = {AIP Publishing},
            Title = {Lattice models of advection-diffusion},
            Volume = {10},
            Year = {2000}}

           @article{fu_ubelmann2014,
            Author = {Fu, Lee-Lueng and Ubelmann, Clement},
            Date-Added = {2015-11-30 05:53:05 +0000},
            Date-Modified = {2015-11-30 05:53:54 +0000},
            Journal = {Journal of Atmospheric and Oceanic Technology},
            Number = {2},
            Pages = {560--568},
            Title = {On the transition from profile altimeter to swath altimeter for observing global ocean surface topography},
            Volume = {31},
            Year = {2014}}

           @article{marshall_etal2006,
            Author = {Marshall, John and Shuckburgh, Emily and Jones, Helen and Hill, Chris},
            Date-Added = {2015-11-30 05:52:13 +0000},
            Date-Modified = {2015-11-30 05:52:24 +0000},
            Journal = {Journal of physical oceanography},
            Number = {9},
            Pages = {1806--1821},
            Title = {Estimates and implications of surface eddy diffusivity in the Southern Ocean derived from tracer transport},
            Volume = {36},
            Year = {2006}}

           @article{abernathey_marshall2013,
            Author = {Abernathey, Ryan P. and Marshall, John},
            Date-Added = {2015-11-23 01:05:05 +0000},
            Date-Modified = {2016-01-07 00:57:37 +0000},
            Journal = {Journal of Geophysical Research: Oceans},
            Number = {2},
            Pages = {901--916},
            Publisher = {Wiley Online Library},
            Title = {Global surface eddy diffusivities derived from satellite altimetry},
            Volume = {118},
            Year = {2013}}

           @article{richman_etal2012,
            Author = {Richman, James G and Arbic, Brian K and Shriver, Jay F and Metzger, E Joseph and Wallcraft, Alan J},
            Date-Added = {2015-11-22 04:00:45 +0000},
            Date-Modified = {2015-11-22 04:00:57 +0000},
            Journal = {Journal of Geophysical Research: Oceans (1978--2012)},
            Number = {C12},
            Publisher = {Wiley Online Library},
            Title = {Inferring dynamics from the wavenumber spectra of an eddying global ocean model with embedded tides},
            Volume = {117},
            Year = {2012}}

           @article{letraon_etal2008,
            Author = {Le Traon, Pierre-Yves and Klein, Patrice and Hua, Bach Lien and Dibarboure, G},
            Date-Added = {2015-11-22 02:59:52 +0000},
            Date-Modified = {2016-01-07 00:57:58 +0000},
            Journal = {Journal of Physical Oceanography},
            Number = {5},
            Pages = {1137--1142},
            Title = {Do altimeter wavenumber spectra agree with the interior or surface quasigeostrophic theory?},
            Volume = {38},
            Year = {2008}}

           @article{fu1983,
            Author = {Fu, Lee-Lueng},
            Date-Added = {2015-11-22 02:57:27 +0000},
            Date-Modified = {2015-11-22 02:57:36 +0000},
            Journal = {Journal of Geophysical Research: Oceans (1978--2012)},
            Number = {C7},
            Pages = {4331--4341},
            Publisher = {Wiley Online Library},
            Title = {On the wave number spectrum of oceanic mesoscale variability observed by the SEASAT altimeter},
            Volume = {88},
            Year = {1983}}

           @article{ferrari_wunsch2009,
            Author = {Ferrari, Raffaele and Wunsch, Carl},
            Date-Added = {2015-11-22 02:45:08 +0000},
            Date-Modified = {2015-11-23 01:53:00 +0000},
            Journal = {Annual Review of Fluid Mechanics},
            Number = {1},
            Pages = {253},
            Title = {Ocean circulation kinetic energy: Reservoirs, sources, and sinks},
            Volume = {41},
            Year = {2009}}

           @article{wang_etal2010,
            Author = {Wang, Dong-Ping and Flagg, Charles N and Donohue, Kathleen and Rossby, H Thomas},
            Date-Added = {2015-11-20 22:05:59 +0000},
            Date-Modified = {2015-12-13 19:59:36 +0000},
            Journal = {Journal of Physical Oceanography},
            Number = {4},
            Pages = {840--844},
            Title = {{Wavenumber spectrum in the Gulf Stream from shipboard ADCP observations and comparison with altimetry measurements}},
            Volume = {40},
            Year = {2010}}

           @article{buhler_etal2014,
            Author = {B{\"u}hler, Oliver and Callies, J{\"o}rn and Ferrari, Raffaele},
            Date-Added = {2015-11-20 22:04:24 +0000},
            Date-Modified = {2015-11-20 22:04:36 +0000},
            Journal = {Journal of Fluid Mechanics},
            Pages = {1007--1026},
            Publisher = {Cambridge Univ Press},
            Title = {Wave--vortex decomposition of one-dimensional ship-track data},
            Volume = {756},
            Year = {2014}}

           @article{callies_ferrari2013,
            Author = {Callies, J{\"o}rn and Ferrari, Raffaele},
            Date-Added = {2015-11-20 22:03:18 +0000},
            Date-Modified = {2015-11-20 22:57:26 +0000},
            Journal = {Journal of Physical Oceanography},
            Number = {11},
            Pages = {2456--2474},
            Title = {Interpreting energy and tracer spectra of upper-ocean turbulence in the submesoscale range (1--200 km)},
            Volume = {43},
            Year = {2013}}

            @article{falahat_etal2014,
              title={Global calculation of tidal energy conversion into vertical normal modes},
              author={Falahat, Saeed and Nycander, Jonas and Roquet, Fabien and Zarroug, Moundheur},
              journal={Journal of Physical Oceanography},
              volume={44},
              number={12},
              pages={3225--3244},
              year={2014}
            }

            @article{callies_etal2016,
              title={The role of mixed-layer instabilities in submesoscale turbulence},
              author={Callies, J{\"o}rn and Flierl, Glenn and Ferrari, Raffaele and Fox-Kemper, Baylor},
              journal={Journal of Fluid Mechanics},
              volume={788},
              pages={5--41},
              year={2016},
              publisher={Cambridge Univ Press}
            }

            @article{forget_etal2015,
              title={ECCO version 4: an integrated framework for non-linear inverse modeling and global ocean state estimation},
              author={Forget, GAEL and Campin, J-M and Heimbach, P and Hill, CN and Ponte, RM and Wunsch, C},
              year={2015},
              journal={Geosci. Model Dev. Discuss.},
              publisher={Copernicus GmbH}
            }

            @article{marshall_etal1997,
            title={A finite-volume, incompressible Navier Stokes model for studies of the ocean on parallel computers},
            author={Marshall, John and Adcroft, Alistair and Hill, Chris and Perelman, Lev and Heisey, Curt},
            journal={Journal of Geophysical Research: Oceans},
            volume={102},
            number={C3},
            pages={5753--5766},
            year={1997},
            publisher={Wiley Online Library}
           }

           @article{hart1979,
            title={Barotropic quasi-geostrophic flow over anisotropic mountains},
            author={Hart, John E},
            journal={Journal of the Atmospheric Sciences},
            volume={36},
            number={9},
            pages={1736--1746},
            year={1979}
           }

           @article{salmon1980,
            title={Baroclinic instability and geostrophic turbulence},
            author={Salmon, Rick},
            journal={Geophysical \& Astrophysical Fluid Dynamics},
            volume={15},
            number={1},
            pages={167--211},
            year={1980},
            publisher={Taylor \& Francis}
           }

            @article{fu_ferrari2008,
              title={Observing oceanic submesoscale processes from space},
              author={Fu, Lee-Lueng and Ferrari, Raffaele},
              journal={Eos, Transactions American Geophysical Union},
              volume={89},
              number={48},
              pages={488--488},
              year={2008},
              publisher={Wiley Online Library}
            }

           @article{barkan_etal2015,
              title={Energy cascades and loss of balance in a reentrant channel forced by wind stress and buoyancy fluxes},
              author={Barkan, Roy and Winters, Kraig B and Llewellyn Smith, Stefan G},
              journal={Journal of Physical Oceanography},
              volume={45},
              number={1},
              pages={272--293},
              year={2015}
            }

           @article{tulloch_etal2011,
            Author = {Tulloch, Ross and Marshall, John and Hill, Chris and Smith, K Shafer},
            Date-Added = {2015-11-20 17:58:41 +0000},
            Date-Modified = {2015-11-20 17:58:53 +0000},
            Journal = {Journal of Physical Oceanography},
            Number = {6},
            Pages = {1057--1076},
            Title = {Scales, growth rates, and spectral fluxes of baroclinic instability in the ocean},
            Volume = {41},
            Year = {2011}}

            @article{klein_etal2004,
              title={Organization of near-inertial energy by an eddy field},
              author={Klein, Patrice and {Llewellyn Smith}, Stefan and Lapeyre, Guillaume},
              journal={Quarterly Journal of the Royal Meteorological Society},
              volume={130},
              number={598},
              pages={1153--1166},
              year={2004},
              publisher={Wiley Online Library}
            }

           @article{sasaki_etal2014,
            Author = {Sasaki, Hideharu and Klein, Patrice and Qiu, Bo and Sasai, Yoshikazu},
            Date-Added = {2015-11-20 02:11:44 +0000},
            Date-Modified = {2015-11-20 02:12:19 +0000},
            Journal = {Nature communications},
            Publisher = {Nature Publishing Group},
            Title = {Impact of oceanic-scale interactions on the seasonal modulation of ocean dynamics by the atmosphere},
            Volume = {5},
            Year = {2014}}

           @article{sasaki_klein2012,
            Author = {Sasaki, Hideharu and Klein, Patrice},
            Date-Added = {2015-11-20 02:11:29 +0000},
            Date-Modified = {2015-11-20 02:12:34 +0000},
            Journal = {Journal of Physical Oceanography},
            Number = {7},
            Pages = {1233--1241},
            Title = {SSH wavenumber spectra in the North Pacific from a high-resolution realistic simulation},
            Volume = {42},
            Year = {2012}}

           @article{xu_fu2012,
            Author = {Xu, Yongsheng and Fu, Lee-Lueng},
            Date-Added = {2015-11-20 02:09:46 +0000},
            Date-Modified = {2015-11-20 02:10:11 +0000},
            Journal = {Journal of Physical Oceanography},
            Number = {12},
            Pages = {2229--2233},
            Title = {The effects of altimeter instrument noise on the estimation of the wavenumber spectrum of sea surface height},
            Volume = {42},
            Year = {2012}}

           @article{xu_fu2011,
            Author = {Xu, Yongsheng and Fu, Lee-Lueng},
            Date-Added = {2015-11-20 02:09:27 +0000},
            Date-Modified = {2015-11-20 02:09:58 +0000},
            Journal = {Journal of Physical Oceanography},
            Number = {4},
            Pages = {802--809},
            Title = {Global variability of the wavenumber spectrum of oceanic mesoscale turbulence},
            Volume = {41},
            Year = {2011}}

           @misc{pyspec2015,
            Author = {Cesar B Rocha},
            Date-Added = {2015-11-17 03:14:21 +0000},
            Date-Modified = {2015-12-18 21:31:46 +0000},
            Doi = {10.5281/zenodo.31596},
            Month = sep,
            Title = {pyspec: spectral analysis in python v0.1. doi: 10.5281/zenodo.31596},
            Year = 2015,
            Bdsk-Url-1 = {http://dx.doi.org/10.5281/zenodo.31596}}

           @misc{rocha_etal2015b,
            Author = {Rocha, Cesar B and Ryan Abernathey and Malte Jansen and Francis Poulin},
            Date-Added = {2015-11-17 03:12:34 +0000},
            Date-Modified = {2015-12-18 21:31:56 +0000},
            Doi = {10.5281/zenodo.32538},
            Month = November,
            Title = {pyqg: python quasigeostrophic model, v0.1.5 doi:10.5281/zenodo.32538},
            Year = 2015,
            Bdsk-Url-1 = {http://dx.doi.org/10.5281/zenodo.32538}}

           @article{rocha_etal2016a,
            Author = {Rocha, Cesar B and Young, William R and Grooms, Ian},
            Date-Added = {2015-11-10 21:55:55 +0000},
            Date-Modified = {2016-01-08 23:08:25 +0000},
            Journal = {Journal of Physical Oceanography},
            Note = {doi:10.1175/JPO- D-15-0073.1},
            Pages = {125--139},
            Title = {On Galerkin approximations of the surface-active quasigeostrophic equations},
            Volume = {46},
            Year = {2016}}

           @article{rocha_etal2016b,
            title={Mesoscale to submesoscale wavenumber spectra in Drake Passage},
            author={Rocha, Cesar B and Chereskin, Teresa K and Gille, Sarah T and Menemenlis, Dimitris},
            journal={Journal of Physical Oceanography},
            volume={46},
            number={2},
            pages={601--620},
            year={2016}
           }
           @article{smith2007,
            Author = {Smith, K Shafer},
            Date-Added = {2015-03-17 21:41:42 +0000},
            Date-Modified = {2015-03-17 21:42:07 +0000},
            Journal = {Journal of Marine Research},
            Number = {5},
            Pages = {655--683},
            Publisher = {Sears Foundation for Marine Research},
            Title = {{The geography of linear baroclinic instability in Earth's oceans}},
            Volume = {65},
            Year = {2007}}
